@manual{
	paws,
	editor={Microsoft Fundation},
	title={Privileged Access Workstation},
	year={2016},
	url={https://docs.microsoft.com/en-gb/windows-server/identity/securing-privileged-access/privileged-access-workstations},
}

@report{
	anthemAuditReport,
	author={U.S. Office of Personnel Management},
	title={Audit of the Information Systems General and Application Controls at Anthe Blue Cross Blue Shield},
	year={2016},
	url={https://www.opm.gov/our-inspector-general/reports/2016/audit-of-the-information-systems-general-and-application-controls-at-anthem-blue-cross-blue-shield.pdf},
}